<record><leader>00000cas a2200000 a 4500</leader><controlfield tag="001">23611105</controlfield><controlfield tag="008">910426d19371994caudr ne      0    0eng c</controlfield><datafield ind1=" " ind2=" " tag="010"><subfield code="a">sn 91066455 </subfield></datafield><datafield ind1=" " ind2=" " tag="040"><subfield code="a">NYS</subfield><subfield code="b">eng</subfield><subfield code="c">NYS</subfield><subfield code="d">CNK</subfield><subfield code="d">OCLCQ</subfield><subfield code="d">OCLCF</subfield><subfield code="d">OCLCO</subfield></datafield><datafield ind1="1" ind2=" " tag="029"><subfield code="a">AU@</subfield><subfield code="b">000020666427</subfield></datafield><datafield ind1=" " ind2=" " tag="042"><subfield code="a">pcc</subfield></datafield><datafield ind1=" " ind2=" " tag="043"><subfield code="a">n-us-ca</subfield></datafield><datafield ind1="0" ind2="0" tag="245"><subfield code="a">Ventura County star-free press.</subfield></datafield><datafield ind1="1" ind2=" " tag="246"><subfield code="i">Published on Sundays as:</subfield><subfield code="a">Sunday star free press</subfield><subfield code="f">Jan. 18, 1981-July 26, 1987</subfield></datafield><datafield ind1="1" ind2=" " tag="246"><subfield code="i">Published as:</subfield><subfield code="a">Star-free press</subfield><subfield code="f">Dec. 27, 1993-Sept. 19, 1994</subfield></datafield><datafield ind1=" " ind2=" " tag="260"><subfield code="a">Ventura, Calif. :</subfield><subfield code="b">John P. Scripps Newspapers</subfield></datafield><datafield ind1=" " ind2=" " tag="300"><subfield code="a">v.</subfield></datafield><datafield ind1=" " ind2=" " tag="310"><subfield code="a">Daily</subfield></datafield><datafield ind1="0" ind2=" " tag="362"><subfield code="a">61st year, no. 125 (Apr. 10, 1937)-Nov. 21, 1994.</subfield></datafield><datafield ind1=" " ind2=" " tag="515"><subfield code="a">Vol. and numbering designation dropped with Sept. 20, 1994 issue.</subfield></datafield><datafield ind1=" " ind2=" " tag="530"><subfield code="a">Master negatives are available for duplication from:</subfield><subfield code="b">California Newspaper Microfilm Archive;</subfield><subfield code="c">positive copies may be purchased by the reel; for further information consult the CNMA at:</subfield><subfield code="u">http://cbsr.ucr.edu</subfield></datafield><datafield ind1=" " ind2=" " tag="580"><subfield code="a">Published in several local editions.</subfield></datafield><datafield ind1=" " ind2="0" tag="651"><subfield code="a">Ventura County (Calif.)</subfield><subfield code="v">Newspapers.</subfield></datafield><datafield ind1=" " ind2="7" tag="655"><subfield code="a">Newspapers.</subfield><subfield code="2">fast</subfield><subfield code="0">(OCoLC)fst01423814</subfield></datafield><datafield ind1=" " ind2="7" tag="651"><subfield code="a">California</subfield><subfield code="z">Ventura County.</subfield><subfield code="2">fast</subfield><subfield code="0">(OCoLC)fst01206440</subfield></datafield><datafield ind1=" " ind2=" " tag="752"><subfield code="a">United States</subfield><subfield code="b">California</subfield><subfield code="c">Ventura</subfield><subfield code="d">Ventura.</subfield></datafield><datafield ind1="0" ind2=" " tag="775"><subfield code="t">Ventura weekly post</subfield><subfield code="w">(DLC)sn 95062159</subfield></datafield><datafield ind1="0" ind2="4" tag="780"><subfield code="t">Ventura County star (Ventura, Calif. : 1936)</subfield><subfield code="w">(DLC)sn 95062157</subfield></datafield><datafield ind1="0" ind2="4" tag="780"><subfield code="t">Morning free press (Ventura, Calif.)</subfield><subfield code="w">(DLC)sn 95062158</subfield></datafield><datafield ind1="0" ind2="0" tag="785"><subfield code="t">Ventura County star (Ventura, Calif. : 1994)</subfield><subfield code="w">(DLC)sn 95062160</subfield></datafield></record>